<?xml version="1.0" encoding="UTF-8"?><record xmlns="http://www.loc.gov/MARC21/slim" xmlns:cinclude="http://apache.org/cocoon/include/1.0" xmlns:zs="http://www.loc.gov/zing/srw/">
  <leader>00416nz  a2200133n  4500</leader>
  <controlfield tag="001">no2007050071</controlfield>
  <controlfield tag="003">DLC</controlfield>
  <controlfield tag="005">20070506075104.0</controlfield>
  <controlfield tag="008">061004n| acannaabn          |n aaa     c</controlfield>
  <datafield tag="010" ind1=" " ind2=" ">
    <subfield code="a">no2007050071</subfield>
  </datafield>
  <datafield tag="035" ind1=" " ind2=" ">
    <subfield code="a">(OCoLC)oca07402060</subfield>
  </datafield>
  <datafield tag="040" ind1=" " ind2=" ">
    <subfield code="a">CU-S</subfield>
    <subfield code="b">eng</subfield>
    <subfield code="c">CU-S</subfield>
  </datafield>
  <datafield tag="100" ind1="1" ind2=" ">
    <subfield code="a">Thomo, Emilien,</subfield>
    <subfield code="d">1952-</subfield>
  </datafield>
  <datafield tag="670" ind1=" " ind2=" ">
    <subfield code="a">Lochon blanc et le lochon noir, c1992:</subfield>
    <subfield code="b">t.p. (Emilien Thomo) p. facing t.p. (born 1952; member Windu tribe; artist)</subfield>
  </datafield>
</record>